<record><leader>00000cas a22000007a 4500</leader><controlfield tag="001">14205894</controlfield><controlfield tag="008">860911d18991916iauwr ne      0    0eng d</controlfield><datafield ind1=" " ind2=" " tag="010"><subfield code="a">sn 86060138 </subfield></datafield><datafield ind1=" " ind2=" " tag="040"><subfield code="a">INP</subfield><subfield code="b">eng</subfield><subfield code="c">INP</subfield><subfield code="d">OCLCQ</subfield></datafield><datafield ind1=" " ind2=" " tag="042"><subfield code="a">msc</subfield></datafield><datafield ind1="0" ind2=" " tag="130"><subfield code="a">Mt. Pleasant Republican (Mount Pleasant, Iowa : 1899)</subfield></datafield><datafield ind1="1" ind2="0" tag="245"><subfield code="a">Mt. Pleasant Republican.</subfield></datafield><datafield ind1="3" ind2="0" tag="246"><subfield code="a">Mount Pleasant Republican</subfield></datafield><datafield ind1=" " ind2=" " tag="260"><subfield code="a">Mt. Pleasant, Henry Co., Iowa :</subfield><subfield code="b">J.N. Dutton</subfield></datafield><datafield ind1=" " ind2=" " tag="300"><subfield code="a">v. :</subfield><subfield code="b">ill.</subfield></datafield><datafield ind1=" " ind2=" " tag="310"><subfield code="a">Weekly</subfield></datafield><datafield ind1="1" ind2=" " tag="362"><subfield code="a">Issued Feb.? 1899-June 1916.</subfield><subfield code="z">Cf. Bibl. of Iowa newspapers.</subfield></datafield><datafield ind1=" " ind2=" " tag="500"><subfield code="a">Later publisher: W. Beckwith, July 3, 1902-&lt;May 31, 1906&gt;.</subfield></datafield><datafield ind1=" " ind2=" " tag="500"><subfield code="a">Edited successively by: John R. Hart; Mrs. S.E. Beckwith.</subfield></datafield><datafield ind1=" " ind2=" " tag="525"><subfield code="a">Includes occasional supplements.</subfield></datafield><datafield ind1=" " ind2=" " tag="588"><subfield code="a">Description based on: Vol. 3, no. 1 (Jan. 3, 1901).</subfield></datafield><datafield ind1=" " ind2=" " tag="752"><subfield code="a">United States</subfield><subfield code="b">Iowa</subfield><subfield code="c">Henry</subfield><subfield code="d">Mount Pleasant.</subfield></datafield><datafield ind1="0" ind2="4" tag="785"><subfield code="t">Mount Pleasant news</subfield><subfield code="w">(DLC)sn 86061026</subfield></datafield><datafield ind1="1" ind2=" " tag="029"><subfield code="a">AU@</subfield><subfield code="b">000025809087</subfield></datafield></record>